<record><leader>00000cas a22000007a 4500</leader><controlfield tag="001">21121196</controlfield><controlfield tag="008">900226d19001924gauwr ne      0    0eng d</controlfield><datafield ind1=" " ind2=" " tag="010"><subfield code="a">sn 90052153 </subfield></datafield><datafield ind1=" " ind2=" " tag="040"><subfield code="a">NLG</subfield><subfield code="b">eng</subfield><subfield code="c">NLG</subfield><subfield code="d">OCLCQ</subfield><subfield code="d">GUA</subfield><subfield code="d">OCLCQ</subfield><subfield code="d">OCLCF</subfield><subfield code="d">OCLCO</subfield></datafield><datafield ind1="1" ind2=" " tag="029"><subfield code="a">AU@</subfield><subfield code="b">000020591075</subfield></datafield><datafield ind1=" " ind2=" " tag="042"><subfield code="a">msc</subfield></datafield><datafield ind1=" " ind2=" " tag="043"><subfield code="a">n-us-ga</subfield></datafield><datafield ind1="0" ind2=" " tag="130"><subfield code="a">Quitman free press (Quitman, Ga. : 1900)</subfield></datafield><datafield ind1="1" ind2="0" tag="245"><subfield code="a">Quitman free press.</subfield></datafield><datafield ind1=" " ind2=" " tag="260"><subfield code="a">Quitman, Brooks County, Ga. :</subfield><subfield code="b">[s.n.]</subfield></datafield><datafield ind1=" " ind2=" " tag="300"><subfield code="a">v.</subfield></datafield><datafield ind1=" " ind2=" " tag="310"><subfield code="a">Weekly</subfield></datafield><datafield ind1="0" ind2=" " tag="362"><subfield code="a">-v. 48, no. 16 (Apr. 18, 1924).</subfield></datafield><datafield ind1=" " ind2=" " tag="530"><subfield code="a">Also on microfilm: Athens, Ga. : University of Georgia Libraries.</subfield></datafield><datafield ind1=" " ind2=" " tag="588"><subfield code="a">Description based on: Vol. 26, no. 25 (Jan. 26, 1900).</subfield></datafield><datafield ind1=" " ind2="0" tag="651"><subfield code="a">Quitman (Ga.)</subfield><subfield code="v">Newspapers.</subfield></datafield><datafield ind1=" " ind2="0" tag="651"><subfield code="a">Brooks County (Ga.)</subfield><subfield code="v">Newspapers.</subfield></datafield><datafield ind1=" " ind2="7" tag="655"><subfield code="a">Newspapers.</subfield><subfield code="2">fast</subfield><subfield code="0">(OCoLC)fst01423814</subfield></datafield><datafield ind1=" " ind2="7" tag="651"><subfield code="a">Georgia</subfield><subfield code="z">Brooks County.</subfield><subfield code="2">fast</subfield><subfield code="0">(OCoLC)fst01206850</subfield></datafield><datafield ind1=" " ind2="7" tag="651"><subfield code="a">Georgia</subfield><subfield code="z">Quitman.</subfield><subfield code="2">fast</subfield><subfield code="0">(OCoLC)fst01217809</subfield></datafield><datafield ind1=" " ind2=" " tag="752"><subfield code="a">United States</subfield><subfield code="b">Georgia</subfield><subfield code="c">Brooks</subfield><subfield code="d">Quitman.</subfield></datafield><datafield ind1="0" ind2="0" tag="780"><subfield code="t">Free press (Quitman, Ga. : 1891)</subfield><subfield code="w">(DLC)sn 89053560</subfield><subfield code="w">(OCoLC)20585214</subfield></datafield><datafield ind1="0" ind2="0" tag="785"><subfield code="t">Free press (Quitman, Ga. : 1924)</subfield><subfield code="w">(DLC)sn 90052048</subfield><subfield code="w">(OCoLC)21891847</subfield></datafield></record>